@misc{trab1,
  title = "1o Trabalho - Estrat√©gias de Desenvolvimento de Algoritmos",
  author = "Joaquim Madeira",
  howpublished = {\url{https://elearning.ua.pt/mod/resource/view.php?id=620595}}
},
@misc{mit,
  title = "Introduction to Algorithms - The Knapsack Problem",
  author = "Massachusetts Institute of Technology",
  howpublished = {\url{https://courses.csail.mit.edu/6.006/fall11/rec/rec21_knapsack.pdf}}
},
@misc{9df,
  title = "Nine-Dart Finish",
  author = "Wikipedia",
  howpublished = {\url{https://en.wikipedia.org/wiki/Nine_dart_finish}}
},
@misc{g4g,
  title = "Understanding The Coin Change Problem",
  author = "Mohammad Sarker",
  howpublished = {\url{https://www.geeksforgeeks.org/understanding-the} \url{-coin-change-problem-with-dynamic-programming/}}
},
@misc{time,
  title = "15.3. time",
  author = "Python Software Foundation",
  howpublished = {\url{https://docs.python.org/2/library/time.html}}
},
@misc{planetcalc,
  title = "Function Approximation with Regression Analysis",
  author = "Planetcalc",
  howpublished = {\url{https://planetcalc.com/5992/}}
},
@misc{desmos,
  title = "Graphical Calculator",
  author = "Desmos",
  howpublished = {\url{https://www.desmos.com/calculator}}
},
@misc{mpl,
  title = "Matplotlib User's Guide",
  author = "NumFOCUS",
  howpublished = {\url{https://matplotlib.org/users/index.html}}
}





